@article{SAILS,
author = {Andrew, J. Quinn. and Mark, Hymers.},
title = {SAILS: Spectral Analysis In Linear Systems},
journal = {The journal of open source software},
doi = {10.21105/joss.01982},
year = {2020}
}

@article{F,
author = {Stefan, Nikolić. and Petar, Poznić. and Enetel, Solutions. and Roaming, Solutions Group},
title = {A comparative analysis and forecasting of financial market in different domains using NARX neural networks},
journal = {18th International Symposium INFOTEH-JAHORINA},
year = {2019}
}

